@INPROCEEDINGS{abellasys,
  author = {Andrew Gacek},
  title = {The {A}bella Interactive Theorem Prover (System
                  Description)},
  year = 2008,
  booktitle = {International Joint Conference on Automated Reasoning},
  pages = {154--161},
}

@InProceedings{belugasys,
    author    = {Brigitte Pientka and Joshua Dunfield},
    title     = {{Beluga}: A Framework for Programming and Reasoning with Deductive Systems (System Description)},
    booktitle = {International Joint Conference on Automated Reasoning},
    pages     = {15--21},
    year      = {2010}
}



@inproceedings{ltacpap,
 author = {Delahaye, David},
 title = {A tactic language for the system Coq},
 booktitle = {International conference on Logic for programming and automated reasoning},
 year = {2000},
 pages = {85--95},
} 


@inproceedings{twelfsys,
 author = {Pfenning, Frank and Sch\"{u}rmann, Carsten},
 title = {System Description: Twelf - A Meta-Logical Framework for Deductive Systems},
 booktitle = {International Conference on Automated Deduction},
 year = {1999},
 pages = {202--206},
} 
